@misc { MOSCAMEDINST2003,
	author = "{MOSCAMED}",
    title = "\textup{\textbf{Folder Institucional}}",
    year = 2003,
    month = Apr,
    address = "Juazeiro"
}

@article { BRAGA2007,
	author = "Ima Aparecida Braga and Denise Valle",
    title = "\textbf{Aedes aegypti:} histórico do controle no Brasil",
    journal = "Epidemiologia e Serviços de Saúde,",
    volume = 16,
    number = 2,
    year = 2007,
    month = Jun,
    address = "Brasília",
    pages = "113-118"
}

@inproceedings{paranhos2008moscas,
  title={\textbf{Moscas-das-frutas que oferecem riscos {\`a} fruticultura brasileira}},
  author={Paranhos, BAJ},
  year={2008},
  organization={In: Simp{\'o}sio Internacional de Vitivinicultura, 1.; Feira Nacional da Agricultura Irrigada-FENAGRI, Embrapa Semi-{\'A}rido.},
  address = "Petrolina"
}

@article{raga2000manejo,
  title={\textbf{Manejo e monitoramento de moscas-das-frutas}},
  author={Raga, A and {SOUSA FILHO}, MF},
  journal={Reuni{\~a}o Itinerante de Fitossanidade do Instituto Biol{\'o}gico},
  volume={3},
  pages={87--99},
  year={2000}
}

@article{malavasi2000moscas,
  title={\textbf{Moscas-das-frutas de import{\^a}ncia econ{\^o}mica no Brasil}},
  author={Malavasi, Aldo and Zucchi, Roberto Antônio},
  year={2000},
  publisher={Holos}
}

@article{hopp2001global,
  title={\textbf{Global-scale relationships between climate and the dengue fever vector, Aedes aegypti}},
  author={Hopp, Marianne J and Foley, Jonathan A},
  journal={Climatic change},
  volume={48},
  number={2},
  pages={441--463},
  year={2001},
  publisher={Springer}
}

@article{ribeiro2006associaccao,
  title={\textbf{Associa{\c{c}}{\~a}o entre incid{\^e}ncia de dengue e vari{\'a}veis clim{\'a}ticas}},
  author={Ribeiro, Andressa F and Marques, Gisela RAM and Voltolini, J{\'u}lio C and Condino, Maria L{\'u}cia F},
  journal={Revista de Sa{\'u}de P{\'u}blica},
  volume={40},
  number={4},
  pages={671--676},
  year={2006},
  publisher={SciELO Public Health}
}

@inproceedings { SAADetal2014,
	author = "Shaharil Mad Saad and Latifah Munirah Kamarudin and
Kamarulzaman Kamarudin and Wan Mohd Nooriman and
Syed Muhammad Mamduh and Ammar Zakaria and Ali
Yeon Md Shakaff and Mahmad Nor Jaafar",
	title = "\textbf{A Real-Time Greenhouse Monitoring System for Mango with Wireless Sensor Network (WSN)}",
	address = "Penang, Malaysia",
	year = 2014,
	month = "Ago",
	journal = "2nd International Conference on Eletronic Design (ICED)"
}

@misc { MOSCAMED2010LINHAS,
	author = "{MOSCAMED}",
    title = "\textup{\textbf{Folder Linhas de Ação}}",
    year = 2010,
    address = "Juazeiro"
}

@misc { MOSCAMED2010AREAS,
	author = "{MOSCAMED}",
    title = "\textup{\textbf{Folder Áreas de Atuação}}",
    year = 2010,
    address = "Juazeiro"
}

@misc { MOSCAMED2003CTI,
	author = "{MOSCAMED}",
    title = "\textup{\textbf{Folder Ciência, Técnologia e Inovação para a Agricultura no Brasil}}",
    year = 2003,
    address = "Juazeiro"
}

@article { TIE2015,
	author = "Renata Imperato and Adalton Raga",
    title = "\textbf{Técnica do Inseto Estéril}",
    journal = "Agência Paulista de Tecnologia dos Agronegócios",
    year = 2015,
    month = Oct,
    address = "Campinas",
    pages = "1-16"
}

@article{torres2015aquisicao,
  title={\textbf{Aquisi{\c{c}}{\~a}o de dados meteorol{\'o}gicos atrav{\'e}s da plataforma Arduino:} constru{\c{c}}{\~a}o de baixo custo e an{\'a}lise de dados},
  author={Torres, Jo{\~a}o Delfino and Monteiro, Igor Oliveira and dos Santos, Jefferson Rodrigues and Ortiz, Maur{\'\i}cio Soares},
  journal={Scientia Plena},
  volume={11},
  number={2},
  year={2015}
}

@misc { SITEDAVIS,
	author = "{DAVIS INSTRUMENTS}",
    year = 2017,
    title = "\textup{\textbf{Davis Instruments}}",
    url = "http://www.davisnet.com/solution/vantage-vue/",
    urlaccessdate = "Agosto de 2017"
}

@misc { VVINSTMANUAL,
	author = "{DAVIS INSTRUMENTS}",
    year = 2009,
    title = "\textup{\textbf{Vantage Vue \textsuperscript{TM}:} Manual de Instalação do Conjunto de Sensores Integrados}",
    url = "http://www.agrosystem.com.br/static/files/produtos/manual_instalacao_iss_vantagevue_color_rgb_q1-1455821923-t.pdf",
    urlaccessdate = "Agosto de 2017"
}

@misc { VVCINSTMANUAL,
	author = "{DAVIS INSTRUMENTS}",
    year = 2009,
    title = "\textup{\textbf{Vantage Vue \textsuperscript{TM}:} Manual do Console}",
    url = "http://www.agrosystem.com.br/static/files/produtos/manual_instalacao_iss_vantagevue_color_rgb_q1-1455821923-t.pdf",
    urlaccessdate = "Agosto de 2017"
}

@misc { WLIP,
	author = "{DAVIS INSTRUMENTS}",
    year = 2008,
    title = "\textup{\textbf{WeatherLinkIP™ for Vantage Pro® and Vantage Pro2™}}",
    url = "http://www.davisnet.com/product_documents/weather/spec_sheets/6555_spec_WeatherLinkIP.pdf",
    urlaccessdate = "Agosto de 2017"
}

@article{calore2013fatores,
  title={\textbf{Fatores clim{\'a}ticos na din{\^a}mica populacional de Anastrepha spp.(Diptera: Tephritidae) e de Scymnus spp.(Coleoptera: Coccinellidae) em um pomar experimental de goiaba (Psidium guajava L.)}},
  author={Calore, Ricardo Aparecido and Galli, Julio Cesar and Pazini, Wilson Carlos and Duarte, Rog{\'e}rio Teixeira and Galli, Juliana Altafin},
  journal={Revista Brasileira de Fruticultura},
  pages={67--74},
  year={2013},
  publisher={Sociedade Brasileira de Fruticultura}
}

@article{garcia1998influencia,
  title={\textbf{Influ{\^e}ncia de fatores clim{\'a}ticos sobre moscas-das-frutas (Diptera: Tephritidae) em pomares de pessegueiro em Porto Alegre, Rio Grande do Sul.}},
  author={Garcia, Fl{\'a}vio Roberto Mello and Corseuil, Elio},
  journal={Revista da FZVA},
  volume={5},
  number={1},
  year={1998}
}

@article{araujo2008levantamento,
  title={\textbf{Levantamento e flutuação populacional de mocas-das-frutas (Diptera: Tephritidae) em goiaba Psidium guajava L., No município de Russas (CE)}},
  author={Araujo, Elton Lucio and Bezerra Silva, Roberta K{\'e}lia and Guimar{\~a}es, Jorge Anderson and Gomes Silva, Janisete and Le{\~a}o Bittencourt, Maria Aparecida},
  journal={Revista Caatinga},
  volume={21},
  number={1},
  year={2008},
  publisher={Universidade Federal Rural do Semi-{\'A}rido}
}

@article{christophers1960aedes,
  title={\textbf{Aedes aegypti (L.) the yellow fever mosquito:} its life history, bionomics and structure},
  author={Christophers, S},
  year={1960},
  publisher={London: The Syndics of the Cambridge University Press, Bentley House, 200, Euston Road, NWI}
}
@article{depradine2004climatological,
  title={\textbf{Climatological variables and the incidence of Dengue fever in Barbados}},
  author={Depradine, Colin and Lovell, Ernest},
  journal={International journal of environmental health research},
  volume={14},
  number={6},
  pages={429--441},
  year={2004},
  publisher={Taylor \& Francis}
}

@misc { SITEANDROID2,
	author = "ANDROID",
    year = 2017,
    title = "\textup{\textup{\textbf{Android Developers}}}",
    url = "https://source.android.com/setup/",
    urlaccessdate = "Fevereiro de 2018"
}

@misc { SITEANDROID,
	author = "ANDROID",
    year = 2017,
    title = "\textup{\textup{\textbf{The Android Source Code}}}",
    url = "https://developer.android.com",
    urlaccessdate = "Agosto de 2017"
}

@article{gandhewar2010google,
  title={\textbf{Google Android:} An emerging software platform for mobile devices},
  author={Gandhewar, Nisarg and Sheikh, Rahila},
  journal={International Journal on Computer Science and Engineering},
  volume={1},
  number={1},
  pages={12--17},
  year={2010}
}

@article{saha2008developer,
  title={\textbf{A developer’s first look at Android}},
  author={Saha, Amit Kumar},
  journal={Linux For You,(January)},
  pages={48--50},
  year={2008}
}

@article{fraternali1998conceptual,
  title={\textbf{A conceptual model and a tool environment for developing more scalable, dynamic, and customizable web applications}},
  author={Fraternali, Piero and Paolini, Paolo},
  journal={Advances in Database Technology—EDBT'98},
  pages={419--435},
  year={1998},
  publisher={Springer}
}

@article{pressman2000tangled,
  title={\textbf{What a tangled web we weave [web engineering]}},
  author={Pressman, Roger S},
  journal={IEEE Software},
  volume={17},
  number={1},
  pages={18--21},
  year={2000},
  publisher={IEEE}
}

@inproceedings{conte2005processos,
  title={\textbf{Processos de desenvolvimento para aplica{\c{c}}{\~o}es web:} Uma revis{\~a}o sistem{\'a}tica},
  author={Conte, Tayana and Mendes, Em{\'\i}lia and Travassos, Guilherme Horta},
  booktitle={Proceedings of the 11th Brazilian Symposium on Multimedia and Web (WebMedia 2005)},
  volume={1},
  pages={107--116},
  year={2005}
}

@article{mendes2005investigating,
  title={\textbf{Investigating Web size metrics for early Web cost estimation}},
  author={Mendes, Emilia and Mosley, Nile and Counsell, Steve},
  journal={Journal of Systems and Software},
  volume={77},
  number={2},
  pages={157--172},
  year={2005},
  publisher={Elsevier}
}

@article{pastor2004fitting,
  title={\textbf{Fitting the pieces of the Web engineering puzzle}},
  author={Pastor, Oscar},
  journal={Invited Talk, XVIII Simp{\'o}sio Brasileiro de Engenharia de Software (SBES), Bras{\'\i}lia},
  year={2004}
}

@inproceedings{raj2012study,
  title={\textbf{A study on approaches to build cross-platform mobile applications and criteria to select appropriate approach}},
  author={Raj, CP Rahul and Tolety, Seshu Babu},
  booktitle={India Conference (INDICON), 2012 Annual IEEE},
  pages={625--629},
  year={2012},
  organization={IEEE}
}

@inproceedings{palmieri2012comparison,
  title={\textbf{Comparison of cross-platform mobile development tools}},
  author={Palmieri, Manuel and Singh, Inderjeet and Cicchetti, Antonio},
  booktitle={Intelligence in Next Generation Networks (ICIN), 2012 16th International Conference on},
  pages={179--186},
  year={2012},
  organization={IEEE}
}

@misc {SITEIONIC,
	author = "{IONIC FRAMEWORK}",
    year = 2017,
    title = "\textup{\textbf{Ionic Framework}}",
    url = "https://ionicframework.com",
    urlaccessdate = "Agosto de 2017"
}

@misc {SITEANGULAR,
	author = "{GOOGLE ANGULAR}",
    year = 2017,
    title = "\textup{\textbf{Angular}}",
    url = "https://angular.io",
    urlaccessdate = "Agosto de 2017"
}

@misc {SITEMONGODB,
	author = "{MONGODB, Inc.}",
    year = 2017,
    title = "\textup{\textbf{MongoDB}}",
    url = "https://www.mongodb.com",
    urlaccessdate = "Agosto de 2017"
}

@article{tilkov2010node,
  title={\textbf{Node.js:} Using JavaScript to build high-performance network programs},
  author={Tilkov, Stefan and Vinoski, Steve},
  journal={IEEE Internet Computing},
  volume={14},
  number={6},
  pages={80-83},
  year={2010},
  publisher={IEEE}
}

@inproceedings{dalmasso2013survey,
  title={\textbf{Survey, comparison and evaluation of cross platform mobile application development tools}},
  author={Dalmasso, Isabelle and Datta, Soumya Kanti and Bonnet, Christian and Nikaein, Navid},
  booktitle={Wireless Communications and Mobile Computing Conference (IWCMC), 2013 9th International},
  pages={323--328},
  year={2013},
  organization={IEEE}
}

@inproceedings{arcuri2017restful,
  title={\textbf{RESTful API Automated Test Case Generation}},
  author={Arcuri, Andrea},
  booktitle={Software Quality, Reliability and Security (QRS)},
  pages={9-20},
  year={2017},
  organization={IEEE}
}

@inproceedings{hsieh2016method,
  title={\textbf{A method for web application data migration based on RESTful API: A case study of ezScrum}},
  author={Hsieh, Chin-Yun and Hsieh, Hong-An and Cheng, Yu Chin},
  booktitle={Applied System Innovation (ICASI), 2016 International Conference on},
  pages={1-4},
  year={2016},
  organization={IEEE}
}

@book{fielding2000architectural,
  title={\textbf{Architectural styles and the design of network-based software architectures}},
  author={Fielding, Roy T and Taylor, Richard N},
  year={2000},
  publisher={University of California, Irvine Doctoral dissertation}
}

@book{torres2001completo,
  title={\textbf{Redes de Computadores Curso Completo}},
  edition=1,
  author={Torres, Gabriel},
  year={2001},
  publisher={Axcel Books do Brasil Editora Ltda},
  address={Rio de Janeiro}
}

@misc{james2005redes,
  title={\textup{\textbf{Redes de Computadores e a Internet:} Uma abordagem top-down}},
  author={James Kurose and Keith Ross},
  year={2005},
  publisher={Pearson Addison Wesley},
  address={São Paulo}
}

@book{sommerville2011engenharia,
  title={\textbf{Engenharia de Software}},
  translator = "Ivan Bosnic and Kalinka G. de O. Gonçalves",
  author={Sommerville, Ian},
  journal={S{\~a}o Paulo: Pearson Prentice Hall},
  year={2011},
  edition=9
}

@misc {SITEDIAGATIV,
	author = "Plínio Ventura",
    year = 2016,
    month = Oct,
    title = "\textup{\textbf{Entendendo o Diagrama de Atividades da UML}}",
    url = "http://www.ateomomento.com.br/uml-diagrama-de-atividades/",
    urlaccessdate = "Setembro de 2017"
}

@misc {SITEVARIAVEIS,
	author = "{DAVIS INSTRUMENTS}",
    year = 2006,
    month = May,
    title = "\textup{\textbf{Derived Variables in Davis Weather Products}}",
    url = "https://www.davisnet.com/support/derived-variables-in-davis-weather-products/",
    urlaccessdate = "Setembro de 2017"
}

@misc {SITESEQ,
	author = "Marcus Costa Sampaio and Eloi {ROCHA NETO}",
    title = "\textup{\textbf{Diagramas de Sequência}}",
    year = 2005,
    url = "http://www.dsc.ufcg.edu.br/~jacques/cursos/map/html/uml/diagramas/interacao/sequencia.htm",
    urlaccessdate = "Setembro de 2017"
}

@misc { VSPDOC,
	author = "{DAVIS INSTRUMENTS}",
    year = 2013,
    title = "\textup{\textbf{Vantage Pro \textsuperscript{TM}, Vantage Pro2 \textsuperscript{TM} and Vantage Vue \textsuperscript{TM} Serial Communication Reference Manual}}",
    url = "http://www.davisnet.com/support/weather/download/VantageSerialProtocolDocs_v261.pdf",
    urlaccessdate = "Outubro de 2017"
}


@inproceedings{royce1970managing,
  title={Managing the development of large systems: Concepts and techniques},
  author={Royce, Winston W},
  booktitle={9th International Conference on Software Engineering. ACM},
  pages={328--38},
  year={1970}
}

@misc { SITECASCATA1,
	author = "{CASA DA CONSULTORIA}",
    year = 2017,
    title = "\textup{\textbf{Modelo Cascata: O que é e como funciona?}}",
    url = "http://casadaconsultoria.com.br/modelo-cascata/",
    urlaccessdate = "Março de 2018"
}

@misc { SITECASCATA2,
	author = "Higor Medeiros",
    year = 2017,
    title = "\textup{\textbf{Introdução ao Modelo Cascata}}",
    url = "https://www.devmedia.com.br/introducao-ao-modelo-cascata/29843",
    urlaccessdate = "Março de 2018"
}


@misc { SITEINTERATIVOINCREMENTAL,
	author = "Kebler Bernardo",
    year = 2015,
    title = "\textup{\textbf{Iterativo e incremental: Suas definições}}",
    url = "https://www.culturaagil.com.br/iterativo-e-incremental-suas-definicoes/",
    urlaccessdate = "Março de 2018"
}

@book{engsoftwilson,
  title={Engenharia de Software: fundamentos, métodos e padrões},
  author={Wilson de Pádua Paula Filho},
  volume={2},
  year={2003},
  publisher={LTC}
}

@misc { introrequisitos,
	author = "Higor Medeiros",
    year = 2017,
    title = "\textup{\textbf{Introdução a Requisitos de Software}}",
    url = "https://www.devmedia.com.br/introducao-a-requisitos-de-software/29580",
    urlaccessdate = "Março de 2018"
}

@misc { SITEGNUCRONTAB,
	author = "Dale Mellor",
	year = 2014,
    title = "\textup{\textbf{Crontab Files}}",
    url = "https://www.gnu.org/software/mcron/manual/html_node/Crontab-file.html",
    urlaccessdate = "Março de 2018"
}

@misc { SITEVIVALINUXCRONTAB,
	author = "Emerson Alecrim",
	year = 2005,
    title = "\textup{\textbf{Usando cron e crontab para agendar tarefas}}",
    url = "https://www.vivaolinux.com.br/artigo/Usando-cron-e-crontab-para-agendar-tarefas",
    urlaccessdate = "Março de 2018"
}

@misc { NODECRON,
	author = "Lucas Merencia",
	year = 2017,
    title = "\textup{\textbf{node-cron}}",
    url = "https://www.npmjs.com/package/node-cron",
    urlaccessdate = "Março de 2018"
}