@article { TheEconomist2010,
    author = "{The Economist}",
    title  = "The miracle of the cerrado: Brazil has revolutionised its own farms. Can it do the same for others",
    month = Aug,
    year = 2010
}

@article { ABBADE2014,
	author = "Eduardo Botti Abbade",
    title = "O papel do agronegócio brasileiro no seu desenvolvimento econômico",
    journal = "GEPROS. Gestão da Produção, Operações e Sistemas",
    volume = 9,
    number = 3,
    year = 2014,
    month = Sep,
    address = "Bauru",
    pages = "149-158"
}

@article { IBGEAGRI2015,
	author = "{IBGE}",
    title = "Produção Agrícola Municipal",
    year = 2015,
    address = "Rio de Janeiro",
    volume = 42,
    pages = "1-57"
}

@misc { ANUARIOFRUTICULTURA2015,
	author = "{ANUÁRIO BRASILEIRO DE FRUTICULTURA}",
    year = 2015,
    address = "Santa Cruz do Sul",
    publisher = "Editora Gazeta",
    pages = "108"
}

@misc { CEPEA2016,
	author = "Geraldo Santana de Camargo Barros and Andréia Cristina de Oliveira Adami and Luana Fricks",
    title = "Exportações do Agronegócio caminham para novo recorde em 2016",
    url = "http://cepea.esalq.usp.br/macro/",
    urlaccessdate = "3 de Outubro de 2016",
    year = 2016
}

@misc { LOPESandCONTINI2012,
	author = "Maurício Antônio Lopes and Elisio Contini",
    year = 2012,
    title = "Agricultura, sustentabilidade e tecnologia",
    url = "http://www.agroanalysis.com.br/2/2012",
    urlaccessdate = "Fevereiro de 2016"
}

@misc { FAO2012,
    author="{FAO. FAOSTAT}",
    year=2012,
    url="http://www.fao.com",
    urlacessdate="16 de Novembro de 2015"
}

@misc { FAO2016,
	author = "FAO",
    title = "{The State of Agricultural Commodity Markets, Trade and food security: achieving a better balance between national priorities and the collective good}",
    year = 2015,
    organization = "Food and Agriculture Organization of the United Nations",
}

@article{FILHOandSANTOS2011,
  title={Heterogeneidade no setor agropecu{\'a}rio brasileiro: contraste tecnol{\'o}gico},
  author={Vieira Filho, Jos{\'e} Eust{\'a}quio Ribeiro and Santos, GR dos},
  journal={Radar: tecnologia, produ{\c{c}}{\~a}o e com{\'e}rcio exterior},
  number={14},
  year={2011}
}

@article { BATISTAetal2015,
	author = "Patrício Ferreira Batista and Maria Auxiliadora Coêlho Lima and Danielly Cristina Gomes and Ricardo Elesbão Alves",
    title = "Quality of different tropical fruit cultivars produced in the lower basin of the São Francisco Valley",
    journal = "Revista de Ciência Agronômica",
    volume = 46,
    number = 1,
    year = 2015,
    month = jan-mar,
    address = "Fortaleza",
    pages = "176-184"
}

@misc { ANUARIOFRUTICULTURA2014,
	author = "{ANUÁRIO BRASILEIRO DE FRUTICULTURA}",
    year = 2014,
    address = "Santa Cruz do Sul",
    publisher = "Editora Gazeta",
    pages = "140"
}

@article { IBGEAGRI2014,
	author = "{IBGE}",
    title = "Produção Agrícola Municipal",
    year = 2014,
    address = "Rio de Janeiro",
    volume = 41,
    pages = "1-95"
}

@misc { IBGE2012,
	author = "IBGE",
    title = "Banco de dados agregados: Sistema IBGE de recuperação automática (SIDRA)",
    year = 2012,
    url = "http://www.sidra.ibge.gov.br/",
    urlaccessdate = "Outubro de 2016",
    organization="Instituto Brasileiro de Geografia e Estatística"
}

@misc { RIDE,
	author = "{MINISTÉRIO DA INTEGRAÇÃO NACIONAL}",
	title = "Região Integrada de Desenvolvimento --- RIDE Petrolina-Juazeiro",
	year = 2011,
	url = "http://www.mi.gov.br/regiao-integrada-de-desenvolvimento-do-polo-petrolina-e-juazeiro",
	urlaccessdate = "Outubro de 2016"
}

@article { NETO2009,
	author = "Francisco Pinheiro Lima Neto",
	title = "Novas opções de variedades de mangueiras e vantagens competitivas",
	year = 2009,
	organization = "Embrapa Semiárido"
}

@booklet { ARAUJOandGARCIA2011,
	author = "José Lincoln Pinheiro Araujo and Jose Luis Lopez Garcia",
	title = "Caracterização do mercado de manga na união européia",
	year = 2011,
	address = "Petrolina: Embrapa Semiárido",
	pages = "38"
}

@misc { FURLANETOetal2015,
	author = "Fernanda de Paiva Badiz Furlaneto and Anelisa de Aquino Vidal Lacerda Soares and Rosemary Marques de Almeida Bertani",
	title = "Caracterização técnica e econômica da manga `Tommy Atkins'",
	year = 2015,
	journal = "Pesquisa \& Tecnologia",
	volume = 12,
	number = 2,
	month = "Jul-Dez"
}

@booklet { CAVALCANTEandALENCAR2016,
	author = "Ronny Elisson Ribeiro Cavalcante and José Alberto de Alencar",
	title = "Avaliação da incidência de Tripes em mangas cv. Tommy Atkins em resposta à aplicação de diferentes reguladores vegetais",
	year = 2016,
	address = "Petrolina: Embrapa Semiárido",
	pages = "47-53"
}

% -- Formatação precisa ser verificada
@article { EMBRAPA2010,
	author = "{EMBRAPA SEMIÁRIDO}",
	title = "Cultivo da mangueira",
	year = 2010,
	month = "Ago",
	address = "Petrolina"
}

@article { TILAKetal2002,
	author = "Smeer Tilak and Nael B. Abu-Ghazaleh and Wendi Heinzelman",
	title = "A Taxonomy of Wireless Micro-Sensor Network Models",
	journal = "ACM SIGMOBILE Mobile Computing and Communications Review",
	publisher = "ACM",
	year = 2002,
	pages = "28--36",
	volume = 6,
	number = 2
}

@article { YICKetal2008,
	author = "Jennifer Yick and Biswanath Mukherjee and Dipak Ghosal",
	title = "Wireless sensor network survey",
	journal = "Computer Networks",
	publisher = "Elsevier",
	year = 2008,
	pages = "2292--2330",
	volume = 52
}

@article { CULLERetal2004,
	author = "David Culler and Deborah Estrin and Mani Srivastava",
	title = "Overview of Sensor Networks",
	journal = "Computer",
	publisher = "IEEE Computer Society",
	year = 2004,
	pages = "41--49",
	volume = 37,
	number = 8
}


% revisar volume e numero
@article{ AKYILDIZetal2002,
	author = "I F Akyildiz and W Su and Y Sankarasubramaniam and E Cayirci",
	title = "Wirelesss sensor networks: a survey",
	journal = "Computer Networks",
	publisher = "Elsevier",
	year = 2002,
	pages = "392--422",
	volume = 38
}

% revisar volume, número e páginas
@article {REHMANetal2011,
	author = "Aqeel-ur-Rehman and Abu Zafar Abbasi and Noman Islam and Zubair Ahmed Shaikh",
	title = "A review of wireless sensor and networks: applications in agriculture",
	journal = "Computer Standards \& Interfaces",
	publisher = "Elsevier",
	year = 2011,
}

@article { KRAIRIKSHetal2011,
	author = "Monai Krairiksh and Jatuphong Varith and Apichan Kanjanavapastit",
	title = "Wireless Sensor Network for Monitoring Maturity Stage of Fruit",
	journal = "Wireless Sensor Network",
	publisher = "Scientific Research",
	year = 2011,
	pages = "318--321",
	volume = 3,
	number = 9
}

% verificar volume e número
@article {SOUSAandLOPES2011,
	author = "Marcelo Portela Sousa and Waslon Terllizzie A. Lopes",
	title = "Desafios em Redes de Sensores sem Fio",
	journal = "Revista de Tecnologia da informação e Comunicação",
	publisher = "ResearchGate",
	year = 2011,
	pages = "41--47",
	volume = 1,
}

@article { CARVALHOetal2012,
	author = "Fabricio Braga S. de Carvalho and Brauliro G. Leal and José Valentim dos S. Filho and Orlando R. Baiocchi and Waslon T. A. Lopes and Marcelo S. de Alencar",
	title = "Aplicações Ambientais de Redes de Sensores Sem Fio",
	journal = "Revista de Tecnologia da Informação e Comunicação",
	year = 2012,
	pages = "14--19",
	volume = 2,
	number = 1
}

% verificar volume e numero
@article { LEEetal2010,
	author = "W. S. Lee and V. Alchanatis and C. Yang and M. Hirafuji and D. Moshou and C. Li",
	title = "Sensing technologies for precision specialty crop production",
	journal = "Computer and eletronics in agriculture",
	publisher = "Elsevier",
	year = 2010,
	pages = "2--33",
	volume = 74
}

@inproceedings { SAADetal2014,
	author = "Shaharil Mad Saad and Latifah Munirah Kamarudin and
Kamarulzaman Kamarudin and Wan Mohd Nooriman and
Syed Muhammad Mamduh and Ammar Zakaria and Ali
Yeon Md Shakaff and Mahmad Nor Jaafar",
	title = "A Real-Time Greenhouse Monitoring System for Mango with Wireless Sensor Network (WSN)",
	address = "Penang, Malaysia",
	year = 2014,
	month = "Ago",
	journal = "2nd International Conference on Eletronic Design (ICED)"
}

% verificar dados
@inproceedings { KODALIandRAWAT2013,
	author = "Ravi Kishore Kodali and Nisheeth Rawat",
	title = "Wireless sensor network in Mango Farming",
	journal = "2013 Nirma University International Conference on Engineering (NUiCONE)",
	year = 2013,
	month = "November"
}

% conferir formato e dados depois
@book { AKYILDIZetal2010,
	author = "Ian F. Akyildiz and Mehmet Can Vuran",
	title = "Wireless Sensor Networks",
	publisher = "Jon Wiley and Sons, Ltd",
	year = "2010",
	pages = "517 p."
}

@book{KUROSE2012,
 author = {Kurose, James F. and Ross, Keith W.},
 title = {Computer Networking: A Top-Down Approach (6th Edition)},
 year = {2012},
 edition = {6th},
 publisher = {Pearson},
}

@article{KABARA2012,
  title={MAC protocols used by wireless sensor networks and a general method of performance evaluation},
  author={Kabara, Joseph and Calle, Maria},
  journal={International Journal of Distributed Sensor Networks},
  volume={2012},
  year={2012},
  publisher={Hindawi Publishing Corporation}
}

@inproceedings{GIANNOULIS2012,
  title={Wireless sensor network technologies for condition monitoring of industrial assets},
  author={Giannoulis, Spilios and Koulamas, Christos and Emmanouilidis, Christos and Pistofidis, Petros and Karampatzakis, Dimitris},
  booktitle={IFIP International Conference on Advances in Production Management Systems},
  pages={33--40},
  year={2012},
  organization={Springer}
}

@article{WILLIG2008,
  title={Recent and emerging topics in wireless industrial communications: A selection},
  author={Willig, Andreas},
  journal={IEEE Transactions on Industrial Informatics},
  volume={4},
  number={2},
  pages={102--124},
  year={2008},
  publisher={IEEE}
}

@inproceedings{gessinger2005zigbee,
  title={Zigbee-conectividade wireless para automa{\c{c}}{\~a}o e controle},
  author={Gessinger, Armando Koerig and Hennig, Carlos Henrique and SA, Coester Automa{\c{c}}{\~a}o},
  booktitle={Artigo obtido no Congresso ISASHOW/2005, S{\~a}o Paulo-SP},
  year={2005}
}

@inproceedings{SEABRAandLUGLI2014,
	title = "Redes sem fio para automação industrial",
	author = "Hugo Viana Magalhães Seabra and Alexandre Bartarella Lugli",
	booktitle ="2º congresso de automação e inovação tecnológica",
	month = "Ago",
	year = 2014
}

@article{ABBASIetal2014,
  title={A review of wireless sensors and networks' applications in agriculture},
  author={Abbasi, Abu Zafar and Islam, Noman and Shaikh, Zubair Ahmed and others},
  journal={Computer Standards \& Interfaces},
  volume={36},
  number={2},
  pages={263--270},
  year={2014},
  publisher={Elsevier}
}

@article{MARKS2001,
  title={Standards in IEEE 802 unleash the wireless Internet},
  author={Marks, Roger B and Gifford, Ian C and O'Hara, Bob},
  journal={IEEE microwave Magazine},
  volume={2},
  number={2},
  pages={46--56},
  year={2001}
}

%-- consultar essa bagaça
@misc{IEEE802_2014,
	author = "{IEEE 802}",
	title = "IEEE Standard for Local and Metropolitan Area Networks: Overview and Architecture",
	year = 2014,
	url = "http://standards.ieee.org/getieee802/download/802-2014.pdf",
	urlaccessdate = "11 de Novembro de 2016",
}

@misc{IEEE802.11_2012,
	author = "{IEEE 802.11}",
	title = "IEEE Standard for Information technology— Telecommunications and information exchange between systems Local and metropolitan area networks— Specific requirements Part 11: Wireless LAN Medium Access Control(MAC) and Physical Layer (PHY) Specifications",
	year = 2012,
	url = "http://standards.ieee.org/getieee802/download/802.11-2012.pdf",
	urlaccessdate = "12 de Novembro de 2016"
}

@misc{IEEE802.15.1_2005,
	author = "{IEEE 802.15.1}",
	title = " IEEE Standard for Information technology— Telecommunications and information exchange between systems— Local and metropolitan area networks— Specific requirements Part 15.1: Wireless medium access control (MAC) and physical layer (PHY) specifications for wireless personal area networks (WPANs)",
	year = 2005,
	url="http://standards.ieee.org/getieee802/download/802.15.1-2005.pdf",
	urlaccessdate = "4 de Dezembro de 2016"
}

@misc{IEEE802.15.4_2015,
	author = "{IEEE 802.15.4}",
	title = "IEEE S tandard f or Low-Rate Wireless Networks",
	year = 2015,
	url = "http://standards.ieee.org/getieee802/download/802.15.4-2015.pdf",
	urlaccessdate = "4 de Dezembro de 2016"
}

@article{FERRO2005,
  title={Bluetooth and Wi-Fi wireless protocols: a survey and a comparison},
  author={Ferro, Erina and Potorti, Francesco},
  journal={IEEE Wireless Communications},
  volume={12},
  number={1},
  pages={12--26},
  year={2005},
  publisher={IEEE}
}

@article{CROW1997,
  title={IEEE 802.11 wireless local area networks},
  author={Crow, Brian P and Widjaja, Indra and Kim, LG and Sakai, Prescott T},
  journal={IEEE Communications magazine},
  volume={35},
  number={9},
  pages={116--126},
  year={1997},
  publisher={IEEE}
}

@article{MORIMOTO2008,
  title={Redes, guia pr{\'a}tico},
  author={Morimoto, Carlos Eduardo},
  journal={Porto Alegre: Sul Editores},
  volume={4},
  pages={M857r},
  year={2008}
}

@article{ZAHARIADIS2004,
  title={Evolution of the Wireless PAN and LAN standards},
  author={Zahariadis, Th},
  journal={Computer Standards \& Interfaces},
  volume={26},
  number={3},
  pages={175--185},
  year={2004},
  publisher={Elsevier}
}

@incollection{HO2016,
  title={IEEE 802.11/Wi-Fi Medium Access Control: An Overview},
  author={Ho, Quang-Dung and Tweed, Daniel and Le-Ngoc, Tho},
  booktitle={Long Term Evolution in Unlicensed Bands},
  pages={31--41},
  year={2016},
  publisher={Springer}
}

@article{HIERTZ2010,
  title={The IEEE 802.11 universe},
  author={Hiertz, Guido R and Denteneer, Dee and Stibor, Lothar and Zang, Yunpeng and Costa, Xavier P{\'e}rez and Walke, Bernhard},
  journal={IEEE Communications Magazine},
  volume={48},
  number={1},
  pages={62--70},
  year={2010},
  publisher={IEEE}
}

@article{BHOYAR2013,
  title={Comparative Study on IEEE Standard of Wireless LAN/Wi-Fi 802.11 a/b/g/n},
  author={Bhoyar, Rahul and Ghonge, Mangesh and Gupta, Suraj},
  journal={International Journal of Advanced Research in Electronics and Communication Engineering (IJARECE)},
  volume={2},
  number={7},
  year={2013}
}

@article{ANTUNES2003,
  title={Conserva{\c{c}}{\~a}o p{\'o}s-colheita de frutos de amoreira-preta},
  author={Antunes, Lu{\'\i}s Eduardo Corr{\^e}a and Duarte Filho, Jaime and SOUZA, CM de},
  journal={Pesquisa Agropecu{\'a}ria Brasileira},
  volume={38},
  number={3},
  pages={413--419},
  year={2003},
  publisher={SciELO Brasil}
}

%-- consultar modelo posteriormente
@inproceedings{DACANALetal2014,
	title="Avaliação de desempenho térmico de packing houses de frutas no semiárido nordestino",
	author="Cristiane Dacanal and Silva Helena Nogueira Turco and Simone do Nascimento Luz and Osvaldo Campelo de Mello Vasconcelos",
	booktitle="XV Encontro Nacional de Tecnologia do Ambiente Construído",
	month="Nov",
	year=2014
}

@article{TERUEL2008,
  title={Tecnologias de resfriamento de frutas e hortali{\c{c}}as},
  author={Teruel, Barbara JM},
  journal={Current Agricultural Science and Technology},
  volume={14},
  number={2},
  year={2008}
}

@article{NGCOBO2013,
  title={Performance of multi-packaging for table grapes based on airflow, cooling rates and fruit quality},
  author={Ngcobo, Mduduzi EK and Delele, Mulugeta A and Opara, Umezuruike Linus and Meyer, Chris J},
  journal={Journal of Food Engineering},
  volume={116},
  number={2},
  pages={613--621},
  year={2013},
  publisher={Elsevier}
}

@article{COULOMB2008,
  title={Refrigeration and cold chain serving the global food industry and creating a better future: two key IIR challenges for improved health and environment},
  author={Coulomb, D},
  journal={Trends in food science \& technology},
  volume={19},
  number={8},
  pages={413--417},
  year={2008},
  publisher={Elsevier}
}

@article{CENCI1997,
  title={Manual de perdas p{\'o}s-colheita em frutos e hortali{\c{c}}as.},
  author={Cenci, SA and SOARES, AG and FREIRE J{\'U}NIOR, M},
  journal={EMBRAPA-CTAA. Documentos},
  year={1997},
  publisher={Rio de Janeiro: EMBRAPA-CTAA.}
}

@article{ALVAREZ2014,
  title={The effects of pre-harvest and post-harvest factors on the nutritional quality of strawberry fruits: A review},
  author={Alvarez-Suarez, Jos{\`e} M and Mazzoni, Luca and Forbes-Hernandez, Tamara Y and Gasparrini, Massimiliano and Sabbadini, Silvia and Giampieri, Francesca},
  journal={Journal of Berry Research},
  volume={4},
  number={1},
  pages={1--10},
  year={2014},
  publisher={IOS Press}
}

@article{CENCI2006,
  title={Boas pr{\'a}ticas de p{\'o}s-colheita de frutas e hortali{\c{c}}as na agricultura familiar},
  author={Cenci, SA},
  journal={Recomenda{\c{c}}{\~o}es B{\'a}sicas para a Aplica{\c{c}}{\~a}o das Boas Pr{\'a}ticas Agropecu{\'a}rias e de Fabrica{\c{c}}{\~a}o na Agricultura Familiar. 1a ed. Bras{\'\i}lia: Embrapa Informa{\c{c}}{\~a}o Tecnol{\'o}gica},
  pages={67--80},
  year={2006}
}

@article{KUMAR2006,
  title={An economic analysis of post-harvest losses in vegetables in Karnataka},
  author={Kumar, D Kishor and Basavaraja, H and Mahajanshetti, SB and others},
  journal={Indian Journal of Agricultural Economics},
  volume={61},
  number={1},
  pages={134},
  year={2006},
  publisher={Indian Society of Agricultural Economics}
}

@article{PFAFFENBACH2003,
  title={Efeito da atmosfera modificada e da refrigera{\c{c}}{\~a}o na conserva{\c{c}}{\~a}o p{\'o}s-colheita de manga espada vermelha},
  author={Pfaffenbach, Luciana Bittencourt and CASTRO, JV de and Carvalho, C{\'a}ssia Regina Limonta and Rossetto, Carlos Jorge},
  journal={Revista Brasileira de Fruticultura},
  volume={25},
  number={3},
  pages={410--413},
  year={2003},
  publisher={SciELO Brasil}
}

@article{JERONIMO2007,
  title={Quality of'Tommy Atkins' mangoes stored under modified atmosphere},
  author={Jeronimo, Elisangela Marques and Brunini, Maria Am{\'a}lia and Arruda, Maria Cec{\'\i}lia de and Cruz, Juliana Cristina Sod{\'a}rio and Gava, Glauber Jos{\'e} de Castro and Silva, Marcelo de Almeida},
  journal={Ci{\^e}ncia e Agrotecnologia},
  volume={31},
  number={4},
  pages={1122--1130},
  year={2007},
  publisher={SciELO Brasil}
}

@article{DE2015,
  title={Conserva{\c{c}}{\~a}o p{\'o}s-colheita de carambola sob refrigera{\c{c}}{\~a}o com recobrimento de biofilme de gelatina e PVC Postharvest conservation Star fruit refrigerated with biofilm coating gelatin and PVC},
  author={de Oliveira, Thiago Azevedo and Aroucha, Edna Maria Mendes and de Lima Leite, Ricardo Henrique and de Araujo, Rafaella Martins and Ferreira, Francisco Klebson Gomes dos Santos},
  journal={Revista Verde (Pombal-PB-Brasil)},
  volume={10},
  number={4},
  pages={59--66},
  year={2015}
}

@inproceedings{LOUREIRO2003,
  title={Redes de sensores sem fio},
  author={Loureiro, Antonio AF and Nogueira, Jos{\'e} Marcos S and Ruiz, Linnyer Beatrys and Mini, Raquel Aparecida de Freitas and Nakamura, Eduardo Freire and Figueiredo, Carlos Maur{\i}cio Ser{\'o}dio},
  booktitle={Simp{\'o}sio Brasileiro de Redes de Computadores (SBRC)},
  pages={179--226},
  year={2003},
  organization={sn}
}

@article{FAFOUTIS2014,
  title={Energy Harvesting-Wireless Sensor Networks for Indoors Applications Using IEEE 802.11},
  author={Fafoutis, Xenofon and S{\o}rensen, Thomas and Madsen, Jan},
  journal={Procedia Computer Science},
  volume={32},
  pages={991--996},
  year={2014},
  publisher={Elsevier}
}

@article{GUNGOR2009,
  title={Industrial wireless sensor networks: Challenges, design principles, and technical approaches},
  author={Gungor, Vehbi C and Hancke, Gerhard P},
  journal={IEEE Transactions on Industrial Electronics},
  volume={56},
  number={10},
  pages={4258--4265},
  year={2009},
  publisher={IEEE}
}

@inproceedings{MARQUES2016,
  title={Health informatics for indoor air quality monitoring},
  author={Marques, Gon{\`y}alo and Pitarma, Rui},
  booktitle={Information Systems and Technologies (CISTI), 2016 11th Iberian Conference on},
  pages={1--6},
  year={2016},
  organization={AISTI}
}

@inproceedings{MAIMONI2013,
  title={USO DE REDES DE SENSORES SEM FIO PARA MONITORAMENTO DE ESTUFAS},
  author={Maimoni, Mauro Leonardo and Ferreira, Luiz Carlos Branquinho Caixeta},
  booktitle={5{\textordfeminine} Jornada Cient{\'\i}fica e Tecnol{\'o}gica e 2{\textordmasculine} Simp{\'o}sio da P{\'o}s-Gradua{\c{c}}{\~a}o},
  year={2013}
}

@inproceedings{SILVA2010,
  title={Rede de sensores sem fio de baixo custo para monitoramento ambiental},
  author={Silva, Marcel S and Fruett, Fabiano},
  booktitle={Anais: XVIII Congresso Brasileiro de Autom{\'a}tica. Bonito},
  year={2010}
}

@article{GRINDVOLL2012,
  title={A wireless sensor network for intelligent building energy management based on multi communication standards-A case study},
  author={Grindvoll, Hanne and Vermesan, Ovidiu and Crosbie, Tracey and Bahr, Roy and Dawood, NN and Revel, Gian Marco},
  journal={Journal of Information Technology in Construction},
  year={2012},
  publisher={International Council for Research and Innovation in Building and Construction}
}

@article{ALVES2012,
  title={Sistema de monitoramento de amplitude de movimento baseado em redes de sensores sem fio aplicado {\`a} fisioterapia},
  author={Alves, Renan CA and Santos, F and de Oliveira, Bruno T and Margi, C{\i}ntia B},
  journal={Anais do VIII Simp{\'o}sio Brasileiro de Sistemas de Informa{\c{c}}{\~a}o},
  pages={504--515},
  year={2012}
}

@inproceedings{DZUNG2005,
  title={Design and implementation of a real-time wireless sensor/actuator communication system},
  author={Dzung, Dacfey and Apneseth, Christoffer and Endresen, Jan and Frey, J-E},
  booktitle={2005 IEEE Conference on Emerging Technologies and Factory Automation},
  volume={2},
  pages={10--pp},
  year={2005},
  organization={IEEE}
}

@article{VERMA2013,
  title={Wifi on steroids: 802.11 ac and 802.11 ad},
  author={Verma, Lochan and Fakharzadeh, Mohammad and Choi, Sunghyun},
  journal={IEEE Wireless Communications},
  volume={20},
  number={6},
  pages={30--35},
  year={2013},
  publisher={IEEE}
}

@article{BEJARANO2013,
  title={IEEE 802.11 ac: from channelization to multi-user MIMO.},
  author={Bejarano, Oscar and Knightly, Edward W and Park, Minyoung},
  journal={IEEE Communications Magazine},
  volume={51},
  number={10},
  pages={84--90},
  year={2013},
  publisher={Citeseer}
}

@article{BELLALTA2016,
  title={IEEE 802.11 ax: high-efficiency wlans},
  author={Bellalta, Boris},
  journal={IEEE Wireless Communications},
  volume={23},
  number={1},
  pages={38--46},
  year={2016},
  publisher={IEEE}
}

@book{WILLS2007,
  title={Postharvest: an introduction to the physiology and handling of fruit, vegetables and ornamentals.},
  author={Wills, Ronald Baden Howe and McGlasson, William Barry and Graham, Doug and Joyce, DC and others},
  year={2007},
  publisher={CABI}
}

%-- verificar depois
@book{EMBRAPA2002,
	title = {Resfriamento de frutas e hortaliças},
	author= {EMBRAPA},
	year={2002},
	publisher={EMBRAPA},
}

@inproceedings{ALLONG1999,
  title={The effect of cultivar, fruit ripeness, storage temperature and duration on quality of fresh-cut mango},
  author={Allong, R and Wickham, LD and Mohammed, M},
  booktitle={VI International Symposium on Mango 509},
  pages={487--494},
  year={1999}
}

@article{MCCOLLUM1993,
  title={Heat treatment inhibits mango chilling injury},
  author={McCollum, T Gregory and D'Aquino, Salvatore and McDonald, Roy E},
  journal={HortScience},
  volume={28},
  number={3},
  pages={197--198},
  year={1993},
  publisher={American Society for Horticultural Science}
}

@article{MEDLICOTT1990,
  title={Ripening of mangos following low-temperature storage},
  author={Medlicott, AP and Sigrist, JMM and Sy, O},
  journal={Journal of the American Society for Horticultural Science},
  volume={115},
  number={3},
  pages={430--434},
  year={1990},
  publisher={American Society for Horticultural Science}
}

@article{LURIE1998,
  title={Postharvest heat treatments},
  author={Lurie, Susan},
  journal={Postharvest Biology and Technology},
  volume={14},
  number={3},
  pages={257--269},
  year={1998},
  publisher={Elsevier}
}

@book{CHITARRA2005,
  title={P{\'o}s-colheita de frutas e hortali{\c{c}}as: fisiologia e manuseio},
  author={Maria Isabel Fernandes Chitarra and Adimilson Bosco Chitarra},
  year={2005},
  publisher={ESAL/FAEPE}
}

@article{DE2009,
  title={EVOLU{\c{C}}{\~A}O DE INDICADORES DO PONTO DE COLHEITA EM MANGA ‘TOMMY ATKINS’DURANTE O CRESCIMENTO E A MATURA{\c{C}}{\~A}O, NAS CONDI{\c{C}}{\~O}ES DO VALE DO S{\~A}O FRANCISCO, BRASIL},
  author={de Lima, Maria Auxiliadora Co{\^e}lho and da Silva, Adriane Luciana and Azevedo, Suellen Soraia Nunes},
  journal={Ci{\^e}nc. agrotec.},
  volume={33},
  number={2},
  year={2009},
  publisher={SciELO Brasil}
}

@article{ROCHA2001,
  title={Uso do {\'\i}ndice de degrada{\c{c}}{\~a}o de amido na determina{\c{c}}{\~a}o da maturidade da manga'Tommy Atkins'},
  author={ROCHA, RAILENE H{\'E}RICA CARLOS and MENEZES, JOSIVAN BARBOSA and Morais, EA de and Silva, GG da and Ambr{\'o}sio, MM de Q and ALVEZ, MARIA ZILDERL{\^A}NIA},
  journal={Revista Brasileira de Fruticultura, Jaboticabal},
  volume={23},
  number={2},
  pages={302--305},
  year={2001},
  publisher={SciELO Brasil}
}

@article{JIANG1999,
  title={Postharvest browning of litchi fruit by water loss and its prevention by controlled atmosphere storage at high relative humidity},
  author={Jiang, YM and Fu, JR},
  journal={LWT-Food Science and Technology},
  volume={32},
  number={5},
  pages={278--283},
  year={1999},
  publisher={Elsevier}
}

@inproceedings{EMBRAPA2013,
	title={Armazenamento de lichias Bengal utilizando-se diferentes temperaturas e umidades relativas},
	author={H T D HOJO and M F B DURIGAN and J F DURIGAN},
	booktitle={Simpósio brasileiro de frutas, hortaliças e flores},
	pages={4--pp},
	year={2013}
}

@book{RAO2014,
   title =     {Engineering Properties of Foods, Fourth Edition},
   author =    {M.A. Rao and Syed S.H. Rizvi and Ashim K. Datta and Jasim Ahmed},
   publisher = {CRC Press},
   year =      {2014},
   edition =   {4},
}

@article{HASANUZZAMAN2009,
  title={Effects of operating variables on heat transfer and energy consumption of a household refrigerator-freezer during closed door operation},
  author={Hasanuzzaman, M and Saidur, R and Masjuki, HH},
  journal={Energy},
  volume={34},
  number={2},
  pages={196--198},
  year={2009},
  publisher={Elsevier}
}

@article{SILVA2002,
  title={Resfriamento e propriedades termof{\'\i}sicas do caj{\'a} (Spondias lutea L.)},
  author={Silva, Michel and Mata, MERMC and Duarte, Maria Elita Martins and Pedroza, Juarez Paz and Nascimento, JPT},
  journal={Revista Brasileira de Produtos Agroindustriais},
  volume={4},
  number={2},
  year={2002}
}

@article{DE2003,
  title={Propriedades termof{\'\i}sicas da polpa de umbu},
  author={de Lima, {\'I}talo Jos{\'e} Evangelista and de Melo Queiroz, Alexandre Jos{\'e} and de Figueir{\^e}do, Rossana Maria Feitosa},
  year={2003}
}

@article{LAOHASONCKRAM1995,
  title={Thermal properties of mangoes},
  author={LAOHASONCKRAM, KALAYA and CHAIWANICHSIRI, SAIWARUN and THUNPITHAYAKUL, CHAIYUTE and RUEDEESARNT, WIROTE},
  journal={J. Sci. Soc. Thailand},
  volume={21},
  number={199},
  pages={63--74},
  year={1995}
}

@article{BON2010,
  title={Thermophysical properties of mango pulp (Mangifera indica L. cv. Tommy Atkins)},
  author={Bon, J and V{\'a}quiro, H and Benedito, J and Telis-Romero, J},
  journal={Journal of Food Engineering},
  volume={97},
  number={4},
  pages={563--568},
  year={2010},
  publisher={Elsevier}
}

@article{SOTO2015,
  title={Effects of Shape and Size of Agar Gels on Heating Uniformity During Pulsed Microwave Treatment},
  author={Soto-Reyes, Nohem{\'\i} and Temis-P{\'e}rez, Ana L and L{\'o}pez-Malo, Aurelio and Rojas-Laguna, Roberto and Sosa-Morales, Mar{\'\i}a Elena},
  journal={Journal of food science},
  volume={80},
  number={5},
  pages={E1021--E1025},
  year={2015},
  publisher={Wiley Online Library}
}

@book{MARWEDEL2006,
 author = {Marwedel, P.},
 title = {Embedded System Design},
 year = {2006},
 isbn = {1402076908},
 publisher = {Springer-Verlag New York, Inc.},
 address = {Secaucus, NJ, USA},
}



@misc{MARWEDEL2011,
   title =     {Embedded System Design: Embedded Systems Foundations of Cyber-Physical Systems  },
   author =    {Peter Marwedel},
   publisher = {Springer Netherlands},
   isbn =      {9400702566,9789400702561},
   year =      {2011},
   series =    {Embedded Systems},
   edition =   {2},
}

@article{MALINOWSKI2011,
  title={Comparison of embedded system design for industrial applications},
  author={Malinowski, Aleksander and Yu, Hao},
  journal={IEEE Transactions on Industrial Informatics},
  volume={7},
  number={2},
  pages={244--254},
  year={2011},
  publisher={IEEE}
}

@article{EBERT2009,
  title={Embedded software: Facts, figures, and future},
  author={Ebert, Christof and Jones, Capers},
  journal={Computer},
  volume={42},
  number={4},
  pages={0042--52},
  year={2009},
  publisher={IEEE Computer Society}
}

@article{BUTTAZZO2006,
  title={Research trends in real-time computing for embedded systems},
  author={Buttazzo, Giorgio},
  journal={ACM SIGBED Review},
  volume={3},
  number={3},
  pages={1--10},
  year={2006},
  publisher={ACM}
}

@article{RIBEIRO2014,
  title={PERDAS P{\'O}S-COLHEITA EM UVA DE MESA REGISTRADAS EM CASAS DE EMBALAGEM E EM MERCADO DISTRIBUIDOR},
  author={Ribeiro, Thalita Passos and de Lima, Maria Auxiliadora Co{\^e}lho and de Souza, Sandra Oliveira and Ara{\'u}jo, Jos{\'e} Lincon Pinheiro},
  journal={Revista Caatinga},
  volume={27},
  number={1},
  pages={67--74},
  year={2014}
}

@article{SILVA2013,
  title={Seguran{\c{c}}a de software em sistemas embarcados: Ataques \& defesas},
  author={Silva, Bruno and da Silva Jr, Di{\'o}genes Cecilio and Souza, Evaldo M and Pereira, Fernando and Teixeira, Fernando and Wong, Hao Chi and Nazar{\'e}, Henrique and Maffra, Izabela and Freire, Jean and Santos, Willer F and others},
  journal={Simp{\'o}sio Brasileiro em Seguran{\c{c}}a da Informa{\c{c}}{\~a}o e de Sistemas Computacionais},
  year={2013}
}

@article{SEPTEMBER1990,
  title={Ieee standard glossary of software engineering terminology},
  author={September, Approved},
  journal={Office},
  volume={121990},
  number={1},
  pages={1},
  year={1990}
}

@article{BROCK2013,
 author = {Brock, J. Dean and Bruce, Rebecca F. and Cameron, Marietta E.},
 title = {Changing the World with a Raspberry Pi},
 journal = {J. Comput. Sci. Coll.},
 issue_date = {December 2013},
 volume = {29},
 number = {2},
 month = dec,
 year = {2013},
 issn = {1937-4771},
 pages = {151--153},
 numpages = {3},
 url = {http://dl.acm.org/citation.cfm?id=2535418.2535441},
 acmid = {2535441},
 publisher = {Consortium for Computing Sciences in Colleges},
 address = {USA},
}

@inproceedings{VUJOVIC2014,
  title={Raspberry Pi as a wireless sensor node: performances and constraints},
  author={Vujovi{\'c}, Vladimir and Maksimovi{\'c}, Mirjana},
  booktitle={Information and Communication Technology, Electronics and Microelectronics (MIPRO), 2014 37th International Convention on},
  pages={1013--1018},
  year={2014},
  organization={IEEE}
}

@inproceedings{RAVI2015,
  title={Raspberry Pi based data sensing and logging system using wireless sensor nodes (WSN) and local area Network (LAN)},
  author={Ravi, MS and Muralidhar, KV},
  booktitle={International Journal of Engineering Research and Technology},
  volume={4},
  number={05, May-2015},
  year={2015},
  organization={ESRSA Publications}
}

% --
% Verificar depois
% --

@misc{ESP8266datasheet,
    title={ESP8266EX Datasheet},
    author={ESPRESSIF},
    url = {https://espressif.com/en/products/hardware/esp8266ex/resources},
    urlaccessdate = {2 de Janeiro de 2017},
    year = 2016,
}

@inproceedings{VSKRABA2016,
  title={Streaming pulse data to the cloud with bluetooth LE or NODEMCU ESP8266},
  author={{\v{S}}kraba, Andrej and Kolo{\v{z}}vari, Andrej and Kofja{\v{c}}, Davorin and Stojanovi{\'c}, Radovan and Stanovov, Vladimir and Semenkin, Eugene},
  booktitle={Embedded Computing (MECO), 2016 5th Mediterranean Conference on},
  pages={428--431},
  year={2016},
  organization={IEEE}
}

@misc{Incircuit,
    title="ESP8266EX, single Chip WiFi network solution, SoC, 802.11bgn Smart Device",
    author = "{In-circuit}",
    year = 2016,
    url = "http://shop.in-circuit.de/product_info.php?cPath=21&products_id=168&osCsid=9ff030d6d9fca7f2dd371ed95b6e9f27",
    urlacessdate="2 de Janeiro de 2017"
}

@article{KOLBAN2015,
  title={Kolban’s book on the ESP8266},
  author={Kolban, Neil},
  journal={Texas, USA},
  year={2015}
}

@misc{RScomponents,
    title={Raspberry Pi 3 Model B SBC},
    author={RS},
    year=2016,
    url="http://uk.rs-online.com/web/p/processor-microcontroller-development-kits/8968660/",
    urlaccessdate="2 de Janeiro de 2017"
}

@misc{Filipeflop,
    title={Embarcados},
    author={Filipeflop},
    year=2016,
    url="http://www.filipeflop.com",
    urlaccessdate="2 de Janeiro de 2017",
}

@misc{Raspberrypi,
    title={Produtos},
    author={Raspberry Pi},
    year=2016,
    url="https://www.raspberrypi.org/products/",
    urlaccessdate="2 de Janeiro de 2017",
}

@article{JUNIOR2007,
  title={Uso de f{\'e}cula de mandioca na p{\'o}s-colheita de manga ‘Surpresa’},
  author={J{\'u}nior, Laerte Scanavaca and Fonseca, Nelson and PEREIRA, M{\'A}RCIO EDUARDO CANTO},
  journal={Rev. Bras. Frutic},
  volume={29},
  number={1},
  pages={067--071},
  year={2007},
  publisher={SciELO Brasil}
}

@article{RIBEIRO2009,
  title={Uso de revestimentos {\`a} base de dextrina na conserva{\c{c}}{\~a}o p{\'o}s-colheita de manga ‘Tommy Atkins’},
  author={Ribeiro, Thalita Passos and Lima, Maria Auxiliadora Co{\^e}lho de and Trindade, Danielly Cristina Gomes da and Santos, Ana Cristina Nascimento dos and Amariz, Andr{\'e}ia},
  journal={Revista Brasileira de Fruticultura},
  volume={31},
  number={2},
  pages={343--351},
  year={2009},
  publisher={SciELO Brasil}
}

@article{YAMASHITA2001,
  title={Embalagem individual de mangas cv. Tommy Atkins em filme pl{\'a}stico: efeito sobre a vida de prateleira},
  author={Yamashita, F{\'a}bio and Tonzar, Anamaria Caldo and Fernandes, Joicelena Georgetti and MORIYA, SUELY and Benassi, M de T},
  journal={Revista Brasileira de Fruticultura},
  volume={23},
  number={2},
  pages={288--292},
  year={2001},
  publisher={SciELO Brasil}
}

% revisar
@misc{Ionic,
    title={The Ionic framework},
    author={Ionic},
    url = {https://ionicframework.com/},
    urlaccessdate = {10 de Janeiro de 2017},
    year = 2017,
}

% revisar
@misc{Nodejs,
    title={Node.js},
    author={Node.js},
    url = {https://nodejs.org/en/},
    urlaccessdate = {10 de Janeiro de 2017},
    year = 2017,
}

% revisar
@misc{MySQL,
    author = "{Oracle}",
    title = "Guide to MySQL as an Embedded Database: For Software, Hardware and SaaS Vendors",
    year = 2016,
    url = "https://www.mysql.com/why-mysql/white-papers/guide-to-mysql-as-an-embedded-database/",
    urlaccessdate = "10 de Janeiro de 2017",
}

% revisar

@inproceedings{VASCONCELOS2015,
    author = {I C M Gon{\c{c}}alvez and O C M Vasconcelos and C M C Ramos and S H N Turco and S N Luz},
    title = "Uso da geoestatistica e fotografias térmicas para diagnóstico de um ambiente de câmara fria para uvas no vale do são francisco",
    address = "Botucatu, São Paulo",
    year = 2015,
    month = "Maio",
    journal = "IV Simpósio de Geostatística Aplicada em Ciências Agrárias"
}

@article{SOUSA2002,
   title = {{Influ\^encia do armazenamento refrigerado em associa{\c{c}}{\~a}o com atmosfera modificada por filmes pl\'asticos na qualidade de mangas Tommy Atkins}},
   journal = {{Revista Brasileira de Fruticultura}},
   author={Sousa, Joaci Pereira de AND Pra{\c{c}}a, Everardo Ferreira AND Alves, Ricardo Elesb\~ao AND Bezerra Neto, Francisco AND Dantas, Fl\'avio Fernandes},
   ISSN = {0100-2945},
   language = {pt},
   URL = {http://www.scielo.br/scielo.php?script=sci_arttext&pid=S0100-29452002000300023&nrm=iso},
   volume = {24},
   year = {2002},
   month = {12},
   pages = {665 - 668},
   publisher = {scielo},
}

@article{RODRIGUEZ2008,
  title={Restful web services: The basics},
  author={Rodriguez, Alex},
  journal={IBM developerWorks},
  year={2008}
}

@inproceedings{MENG2009,
  title={Restful web services: A solution for distributed data integration},
  author={Meng, Jian and Mei, Shujun and Yan, Zhao},
  booktitle={Computational Intelligence and Software Engineering, 2009. CiSE 2009. International Conference on},
  pages={1--4},
  year={2009},
  organization={IEEE}
}

@book{SOMMERVILLE2011,
 author = {Sommerville, Ian},
 title = {Software Engineering},
 year = {2010},
 isbn = {0137035152, 9780137035151},
 edition = {9th},
 publisher = {Addison-Wesley Publishing Company},
 address = {USA},
}

@article{SHELBY2010,
  title={Embedded web services},
  author={Shelby, Zach},
  journal={IEEE Wireless Communications},
  volume={17},
  number={6},
  year={2010},
  publisher={IEEE}
}

@article{MOGUL1997,
  title={Hypertext Transfer Protocol--HTTP/1.1},
  author={Mogul, Jeffrey C and Gettys, Jim and Berners-Lee, Tim and Frystyk, Henrik},
  year={1997},
  url = "https://www.ietf.org/rfc/rfc2616.txt",
  urlaccessdate = "10 de Abril 2017"
}

@article{PENG2011,
  title={Using JSON for data exchanging in web service applications},
  author={Peng, Dunlu and Cao, Lidong and Xu, Wenjie},
  journal={Journal of Computational Information Systems},
  volume={7},
  number={16},
  pages={5883--5890},
  year={2011}
}

@book{umluserguide,
  title={The unified modeling language user guide},
  author={Booch, Grady},
  year={2005},
  publisher={Pearson Education India}
}

@mastersthesis{STRAND2007,
  title={WISA vs. WLAN: Co-existence challenges:-A tool for WLAN performance testing},
  author={Strand, Erlend Barstad},
  year={2007},
  school={Institutt for elektronikk og telekommunikasjon}
}

@misc{MANGOMAT2017,
    title="Mango Maturity and Ripeness Guide",
    url="http://www.mango.org/Mangos/media/Media/Documents/Retail-Quality%20Assessment/Mango-Maturity-and-Ripeness-Guide.pdf",
    year=2017,
    urlaccessdate="10 de Maio de 2017"
}
